% -----------------------------------------------------------------------
% File: smc2016template.bib
% -----------------------------------------------------------------------
% separate each line item with space, otherwise the reference will not be hyperlinked
% put the keyword "and" between authors to separate them.

@inproceedings{Someone:00 ,
  author = {A. Someone and B. Someone and C. Someone},
  title = {The title of the conf. paper},
  booktitle = {Proc. Int. Conf. Sound and Music Computing},
  pages={213--218},
  address={Porto},
  year = {2009}
}


@inproceedings{Someone:09 ,
  author = {A. Someone and B. Someone and C. Someone},
  title = {The title of the journal paper},
  booktitle = {J. New Music Research},
  pages = {111--222},
  year = {2008}
}

@book{Someone:04 ,
  author = {X. Someone and Y. Someone},
  title = {The Title of the Book},
  publisher = { Springer-Verlag },
  year = {2010}
}

@article{greenwade93,
    author  = "George D. Greenwade",
    title   = "The {C}omprehensive {T}ex {A}rchive {N}etwork ({CTAN})",
    year    = "1993",
    journal = "TUGBoat",
    volume  = "14",
    number  = "3",
    pages   = "342--351"
}

@article{jones1994natural,
  title={Natural language processing: a historical review},
  author={Jones, Karen Sparck},
  journal={Current issues in computational linguistics: in honour of Don Walker},
  pages={3--16},
  year={1994},
  publisher={Springer}
}

@article{jones1992natural,
  title={Natural language processing: an overview},
  author={Jones, Karen Sparck},
  journal={International encyclopedia of linguistics (ed W. Bright)},
  pages={3--59},
  year={1992},
  publisher={New York: Oxford University Press}
}

@article{wang2019r,
  title={R-transformer: Recurrent neural network enhanced transformer},
  author={Wang, Zhiwei and Ma, Yao and Liu, Zitao and Tang, Jiliang},
  journal={arXiv preprint arXiv:1907.05572},
  year={2019}
}

@article{mike2021,
  title={Natural Language Processing Will Make Business Intelligence Apps More Accessible},
  author={Mike Vizard},
  journal={IT Business Edge},
  year={2021}
}

@article{kamath2022bidirectional,
  title={Bidirectional encoder representations from transformers (BERT)},
  author={Kamath, Uday and Graham, Kenneth L and Emara, Wael},
  journal={Transformers for Machine Learning; Chapman and Hall/CRC: New York, NY, USA},
  pages={43--70},
  year={2022}
}

@article{DBLP:journals/corr/abs-1810-04805,
  author    = {Jacob Devlin and
               Ming{-}Wei Chang and
               Kenton Lee and
               Kristina Toutanova},
  title     = {{BERT:} Pre-training of Deep Bidirectional Transformers for Language
               Understanding},
  journal   = {CoRR},
  volume    = {abs/1810.04805},
  year      = {2018},
  url       = {http://arxiv.org/abs/1810.04805},
  eprinttype = {arXiv},
  eprint    = {1810.04805},
  timestamp = {Tue, 30 Oct 2018 20:39:56 +0100},
  biburl    = {https://dblp.org/rec/journals/corr/abs-1810-04805.bib},
  bibsource = {dblp computer science bibliography, https://dblp.org}
}

@article{friederici2011brain,
  title={The brain basis of language processing: from structure to function},
  author={Friederici, Angela D},
  journal={Physiological reviews},
  volume={91},
  number={4},
  pages={1357--1392},
  year={2011},
  publisher={American Physiological Society Bethesda, MD}
}

@article{brennan2012syntactic,
  title={Syntactic structure building in the anterior temporal lobe during natural story listening},
  author={Brennan, Jonathan and Nir, Yuval and Hasson, Uri and Malach, Rafael and Heeger, David J and Pylkk{\"a}nen, Liina},
  journal={Brain and language},
  volume={120},
  number={2},
  pages={163--173},
  year={2012},
  publisher={Elsevier}
}

@article{wehbe2014simultaneously,
  title={Simultaneously uncovering the patterns of brain regions involved in different story reading subprocesses},
  author={Wehbe, Leila and Murphy, Brian and Talukdar, Partha and Fyshe, Alona and Ramdas, Aaditya and Mitchell, Tom},
  journal={PloS one},
  volume={9},
  number={11},
  pages={e112575},
  year={2014},
  publisher={Public Library of Science San Francisco, USA}
}

@inproceedings{wehbe2014aligning,
  title={Aligning context-based statistical models of language with brain activity during reading},
  author={Wehbe, Leila and Vaswani, Ashish and Knight, Kevin and Mitchell, Tom},
  booktitle={Proceedings of the 2014 Conference on Empirical Methods in Natural Language Processing (EMNLP)},
  pages={233--243},
  year={2014}
}

@article{jain2018incorporating,
  title={Incorporating context into language encoding models for fMRI},
  author={Jain, Shailee and Huth, Alexander},
  journal={Advances in neural information processing systems},
  volume={31},
  year={2018}
}

@article{frank2015erp,
  title={The ERP response to the amount of information conveyed by words in sentences},
  author={Frank, Stefan L and Otten, Leun J and Galli, Giulia and Vigliocco, Gabriella},
  journal={Brain and language},
  volume={140},
  pages={1--11},
  year={2015},
  publisher={Elsevier}
}

@inproceedings{sogaard2016evaluating,
  title={Evaluating word embeddings with fMRI and eye-tracking},
  author={S{\o}gaard, Anders},
  booktitle={Proceedings of the 1st workshop on evaluating vector-space representations for NLP},
  pages={116--121},
  year={2016}
}

@inproceedings{fyshe2014interpretable,
  title={Interpretable semantic vectors from a joint model of brain-and text-based meaning},
  author={Fyshe, Alona and Talukdar, Partha P and Murphy, Brian and Mitchell, Tom M},
  booktitle={Proceedings of the conference. Association for Computational Linguistics. Meeting},
  volume={2014},
  pages={489},
  year={2014},
  organization={NIH Public Access}
}

@article{toneva2019interpreting,
  title={Interpreting and improving natural-language processing (in machines) with natural language-processing (in the brain)},
  author={Toneva, Mariya and Wehbe, Leila},
  journal={Advances in Neural Information Processing Systems},
  volume={32},
  year={2019}
}

@book{rowling2012harry,
  title={HARRY POTTER and The Sorceres Stone},
  author={Rowling, JK},
  year={2012},
  publisher={Bloomsbury Publishing Plc}
}

@article{gao2015pycortex,
  title={Pycortex: an interactive surface visualizer for fMRI},
  author={Gao, James S and Huth, Alexander G and Lescroart, Mark D and Gallant, Jack L},
  journal={Frontiers in neuroinformatics},
  pages={23},
  year={2015},
  publisher={Frontiers}
}

% -------------------------------

@misc{luis2021ageDetector,
  author = {Luis Miguel García Marín},
  title = {{Image Recogniser for the Detection of a Person's Age}},
  howpublished = "\url{https://github.com/lintenn/age_detector}",
  year = {2021}, 
  note = "[Online; accessed 6-December-2022]"
}

@article{monk2003adolescent,
  title={Adolescent immaturity in attention-related brain engagement to emotional facial expressions},
  author={Monk, Christopher S and McClure, Erin B and Nelson, Eric E and Zarahn, Eric and Bilder, Robert M and Leibenluft, Ellen and Charney, Dennis S and Ernst, Monique and Pine, Daniel S},
  journal={Neuroimage},
  volume={20},
  number={1},
  pages={420--428},
  year={2003},
  publisher={Elsevier}
}

@article{aylward2005brain,
  title={Brain activation during face perception: evidence of a developmental change},
  author={Aylward, Elizabeth H and Park, JE and Field, KM and Parsons, AC and Richards, Todd L and Cramer, Steven C and Meltzoff, Andrew N},
  journal={Journal of cognitive neuroscience},
  volume={17},
  number={2},
  pages={308--319},
  year={2005},
  publisher={MIT Press One Rogers Street, Cambridge, MA 02142-1209, USA journals-info~…}
}

@article{wallinga2002detection,
  title={ON THE DETECTION OF OSL AGE OVERESTIMATION USING SINGLE-ALIQUOT TECHNIQUES.},
  author={Wallinga, Jakob},
  journal={Geochronometria: Journal on Methods \& Applications of Absolute Chronology},
  volume={21},
  year={2002}
}

@misc{tensorflow,
  author = {Google},
  title = {{TensorFlow - An end-to-end machine learning platform}},
  howpublished = "\url{https://www.tensorflow.org}",
  year = {2022}, 
  note = "[Online; accessed 11-December-2022]"
}

@misc{python,
  author = {Python Software Foundation},
  title = {{Python Programming Language}},
  howpublished = "\url{https://www.python.org}",
  year = {2022}, 
  note = "[Online; accessed 11-December-2022]"
}

@article{campana1995graphical,
  title={Graphical and statistical methods for determining the consistency of age determinations},
  author={Campana, Steven E and Annand, M Christina and McMillan, James I},
  journal={Transactions of the American fisheries Society},
  volume={124},
  number={1},
  pages={131--138},
  year={1995},
  publisher={Taylor \& Francis}
}

@article{kwon1999age,
  title={Age classification from facial images},
  author={Kwon, Young H and da Vitoria Lobo, Niels},
  journal={Computer vision and image understanding},
  volume={74},
  number={1},
  pages={1--21},
  year={1999},
  publisher={Elsevier}
}

@misc{prerak2020,
  author = {Prerak Agarwal},
  title = {{Age Detection using Facial Images: traditional Machine Learning vs. Deep Learning}},
  howpublished = "\url{https://towardsdatascience.com/age-detection-using-facial-images-traditional-machine-learning-vs-deep-learning-2437b2feeab2}",
  year = {2020}, 
  note = "[Online; accessed 11-December-2022]"
}

@misc{nipun2020,
  author = {Nipun Arora},
  title = {{AGE, GENDER AND ETHNICITY (FACE DATA) CSV}},
  howpublished = "\url{https://www.kaggle.com/datasets/nipunarora8/age-gender-and-ethnicity-face-data-csv}",
  year = {2020}, 
  note = "[Online; accessed 11-December-2022]"
}

@misc{nvidiacourse,
  author = {NVIDIA Corporation},
  title = {{Getting Started with Deep Learning}},
  howpublished = "\url{https://courses.nvidia.com/courses/course-v1:DLI+S-FX-01+V1/}",
  year = {2022}, 
  note = "[Online; accessed 15-December-2022]"
}